@book{
	karpenko,
	author="Карпенко, А. П.",
	title="Современные алгоритмы поисковой оптимизации",
	publisher="МГТУ им. Н. Э. Баумана",
	year=2017,
	pages=450
}

@book{
	nogin,
	author="Ногин, В. Д.",
	title="Принятие решений в многокритериальной среде",
	publisher="Москва, <<Физматлит>>",
	year=2005,
	pages=142
}


@book{
	jason,
	author="Jason Brownlee",
	title="Clever Algorithms: Nature-Inspired Programming Recipes",
	publisher="Austin, Lulu",
	year=2011,
	language="english",
	pages=438
}

@book{
	yang,
	author="Yang, X. S.",
	title="Nature-Inspired Algorithms and Applied Optimization",
	publisher="London, Springer International Publishing",
	year=2018,
	language="english",
	pages=313
}



@book{
	yang2,
	author="Yang, X. S.",
	title="Nature-Inspired Metaheuristic Algorithms",
	publisher="London, Springer International Publishing",
	year=2010,
	language="english",
	pages=206
}



@book{
	dusan,
	author="Dusan Teodorovi and Mauro Dellorco",
	title="Bee colony optimization–a cooperative learning approach to complex transportation problems",
	publisher="Publishing House of the Polish Operational and System Research",
	year=2005,
	language="english",
	pages="51---60"
}



@article{
	dervis,
	author="Dervis Karaboga and Bahriye Basturk",
	title="A powerful and efficient algorithm for numerical function optimization: artificial bee colony algorithm",
	journal="Kayseri, Journal of global optimization",
	year=2007,
	language="english",
	pages="459---471"
}







@article{
	vodolaz,
	author="И. А. Водолазский and А. С. Егоров",
	title="Роевой интеллект и его наиболее распространенные методы реализации",
	journal="Москва, Молодой ученый №4",
	pages="1---8",
	language="russian",
	year=2017,
	month=""
}


@article{
	eremeev,
	author="А. В. Еремеев",
	title="Популяционные алгоритмы",
	journal="Федеральное государственное бюджетное образовательное учреждение высшего образования «Омский государственный университет им. Ф. М. Достоевского»",
	pages="10---40",
	language="russian",
	year=2016,
	month=""
}



@article{
	shtovba,
	author="С. Д. Штовба ",
	title="Муравьиные алгоритмы",
	journal="Донецк, Exponenta pro: математика в приложениях",
	pages="1---8",
	language="russian",
	year=2015,
	month=""
}


@article{
	ershov1,
	author="Н. М. Ершов and С. В. Полуян",
	title="Самоадаптация в алгоритмах роевой оптимизации", 
	journal="Вестник Российского университета дружбы народов",
	pages="1---14",
	language="russian",
	year=2011,
	month=""
}




@article{
	kur,
	author=" В. М. Курейчик and А. А. Кажаров ",
	title="Использование пчелиных алгоритмов", 
	journal="Известия Южного федерального университета. Технические науки",
	pages="1---7",
	language="russian",
	year=2010,
	month=""
}


@article{
	leonov,
	author="А. В. Леонов and Г. А. Литвинов",
	title="Применение алгоритма пчелиной колонии", 
	journal="Ростов-на-Дону, Инженерный вестник Дона",
	pages="1---11",
	language="russian",
	year=2018,
	month=""
}


@article{
	gorbunov,
	author="И. А. Ходашинский and И. В. Горбунов",
	title="Алгоритмы муравьиной и пчелиной колонии", 
	journal="Доклады Томского государственного университета систем управления и радиоэлектроники",
	pages="1---6",
	language="russian",
	year=2017,
	month=""
}




